%% LaTeX2e file `main.bib'
%% generated by the `filecontents' environment
%% from source `main' on 2018/07/23.
%%

The Unicode Consortium. The Unicode Standard, Version 10.0.0, (Mountain View, CA: The Unicode Consortium, 2017. ISBN 978-1-936213-16-0)

@misc{unicode,
  title={The Unicode Standard},
  author={{The Unicode Consortium}}
}

@article{guy1991contextual,
  title={Contextual conditioning in variable lexical phonology},
  author={Guy, Gregory R},
  journal={Language variation and change},
  volume={3},
  number={2},
  pages={223--239},
  year={1991},
  publisher={Cambridge University Press}
}

@article{fung1998extracting,
  title={Extracting key terms from Chinese and Japanese texts},
  author={Fung, Pascale},
  journal={Computer Processing of Oriental Languages},
  volume={12},
  number={1},
  pages={99--121},
  year={1998}
}

@article{pullum1999african,
  title={African American Vernacular English is not standard English with mistakes},
  author={Pullum, Geoffrey K},
  journal={The workings of language: From prescriptions to perspectives},
  pages={59--66},
  year={1999},
  publisher={Praeger Westport, CT}
}

@article{treiman2000dialect,
  title={Dialect and authography: Some differences between American and British spellers.},
  author={Treiman, Rebecca and Barry, Christopher},
  journal={Journal of Experimental Psychology: Learning, Memory, and Cognition},
  volume={26},
  number={6},
  pages={1423},
  year={2000},
  publisher={American Psychological Association}
}

@article{tagliamonte2005new,
  title={New perspectives on an ol'variable:(t, d) in British English},
  author={Tagliamonte, Sali and Temple, Rosalind},
  journal={Language Variation and Change},
  volume={17},
  number={3},
  pages={281--302},
  year={2005},
  publisher={Cambridge University Press}
}

@incollection{huyen2008hybrid,
  title={A hybrid approach to word segmentation of Vietnamese texts},
  author={Huyen, Nguyen Thi Minh and Roussanaly, Azim and Vinh, H{\^o} Tuong and others},
  booktitle={Language and Automata Theory and Applications},
  pages={240--249},
  year={2008},
  publisher={Springer}
}

@inproceedings{hays2008im2gps,
  title={IM2GPS: estimating geographic information from a single image},
  author={Hays, James and Efros, Alexei A},
  booktitle={Computer Vision and Pattern Recognition, 2008. CVPR 2008. IEEE Conference on},
  pages={1--8},
  year={2008},
  organization={IEEE}
}

@inproceedings{weinberger2009feature,
  title={Feature hashing for large scale multitask learning},
  author={Weinberger, Kilian and Dasgupta, Anirban and Langford, John and Smola, Alex and Attenberg, Josh},
  booktitle={ICML},
  year={2009},
}

@book{mardia2009directional,
  title={Directional Statistics},
  author={Mardia, K.V. and Jupp, P.E.},
  year={2009},
}

@inproceedings{crandall2009mapping,
  title={Mapping the world's photos},
  author={Crandall, David J and Backstrom, Lars and Huttenlocher, Daniel and Kleinberg, Jon},
  booktitle={WWW},
  year={2009},
}

@inproceedings{o2010tweetmotif,
  title={TweetMotif: Exploratory Search and Topic Summarization for Twitter.},
  author={O'Connor, Brendan and Krieger, Michel and Ahn, David},
  booktitle={ICWSM},
  year={2010}
}

@inproceedings{sakaki2010earthquake,
  title={Earthquake shakes Twitter users: real-time event detection by social sensors},
  author={Sakaki, Takeshi and Okazaki, Makoto and Matsuo, Yutaka},
  booktitle={WWW},
  year={2010},
}

@inproceedings{speriosu2010connecting,
  title={Connecting language and geography with region-topic models},
  author={Speriosu, Michael and Brown, Travis and Moon, Taesun and Baldridge, Jason and Erk, Katrin},
  year={2010}
}

@inproceedings{cheng2010you,
  title={You are where you tweet: a content-based approach to geo-locating twitter users},
  author={Cheng, Zhiyuan and Caverlee, James and Lee, Kyumin},
  booktitle={CIKM},
  year={2010},
}

@inproceedings{eisenstein2010latent,
  title={A latent variable model for geographic lexical variation},
  author={Eisenstein, Jacob and O'Connor, Brendan and Smith, Noah A and Xing, Eric P},
  booktitle={EMNLP},
  year={2010},
}

@inproceedings{wang2011towards,
  title={Towards Street-Level Client-Independent IP Geolocation.},
  author={Wang, Yong and Burgener, Daniel and Flores, Marcel and Kuzmanovic, Aleksandar and Huang, Cheng},
  booktitle={NSDI},
      year={2011}
}

@inproceedings{hong2011language,
  title={Language Matters In Twitter: A Large Scale Study.},
  author={Hong, Lichan and Convertino, Gregorio and Chi, Ed H},
  booktitle={ICWSM},
  year={2011}
}

@inproceedings{gimpel2011part,
  title={Part-of-speech tagging for twitter: Annotation, features, and experiments},
  author={Gimpel, Kevin and Schneider, Nathan and O'Connor, Brendan and Das, Dipanjan and Mills, Daniel and Eisenstein, Jacob and Heilman, Michael and Yogatama, Dani and Flanigan, Jeffrey and Smith, Noah A},
  booktitle={Proceedings of the 49th Annual Meeting of the Association for Computational Linguistics: Human Language Technologies: short papers-Volume 2},
  pages={42--47},
  year={2011},
  organization={Association for Computational Linguistics}
}

@inproceedings{conover2011political,
  title={Political polarization on twitter.},
  author={Conover, Michael and Ratkiewicz, Jacob and Francisco, Matthew R and Gon{\c{c}}alves, Bruno},
  booktitle={ICWSM},
  year={2011}
}

@inproceedings{kinsella2011m,
  title={I'm eating a sandwich in Glasgow: modeling locations with tweets},
  author={Kinsella, Sheila and Murdock, Vanessa and O'Hare, Neil},
  booktitle={Proceedings of the 3rd international workshop on Search and mining user-generated contents},
  pages={61--68},
  year={2011},
  organization={ACM}
}

@article{leidner2011detecting,
  title={Detecting geographical references in the form of place names and associated spatial natural language},
  author={Leidner, Jochen L and Lieberman, Michael D},
  journal={SIGSPATIAL Special},
  volume={3},
  number={2},
  pages={5--11},
  year={2011},
  publisher={ACM}
}

@inproceedings{hecht2011tweets,
  title={Tweets from Justin Bieber's heart: the dynamics of the location field in user profiles},
  author={Hecht, Brent and Hong, Lichan and Suh, Bongwon and Chi, Ed H},
  booktitle={SIGCHI},
  year={2011},
}

@article{bergstra2012random,
  title={Random search for hyper-parameter optimization},
  author={Bergstra, James and Bengio, Yoshua},
  journal={JMLR},
 year={2012},
 AAAvolume={13},
 AAAnumber={Feb},
 AAApages={281--305},
}

@inproceedings{klein2012detection,
  title={Detection and extracting of emergency knowledge from twitter streams},
  author={Klein, Bernhard and Laiseca, Xabier and Casado-Mansilla, Diego and L{\'o}pez-de-Ipi{\~n}a, Diego and Nespral, Alejandro Prada},
  booktitle={UCAmI},
  year={2012},
}

@inproceedings{lui2012langid,
  title={langid. py: An off-the-shelf language identification tool},
  author={Lui, Marco and Baldwin, Timothy},
  booktitle={ACL},
  year={2012},
}

@inproceedings{roller2012supervised,
  title={Supervised text-based geolocation using language models on an adaptive grid},
  author={Roller, Stephen and Speriosu, Michael and Rallapalli, Sarat and Wing, Benjamin and Baldridge, Jason},
  booktitle={EMNLP},
  year={2012},
}

@article{han2012geolocation,
  title={Geolocation prediction in social media data by finding location indicative words},
  author={Han, Bo and Cook, Paul and Baldwin, Timothy},
  journal={COLING},
  year={2012}
}

@inproceedings{li2012towards,
  title={Towards social user profiling: unified and discriminative influence model for inferring home locations},
  author={Li, Rui and Wang, Shengjie and Deng, Hongbo and Wang, Rui and Chang, Kevin Chen-Chuan},
  booktitle={SIGKDD},
  year={2012},
}

@inproceedings{ruiz2012correlating,
  title={Correlating financial time series with micro-blogging activity},
  author={Ruiz, Eduardo J and Hristidis, Vagelis and Castillo, Carlos and Gionis, Aristides and Jaimes, Alejandro},
  booktitle={WSDM},
  year={2012}
}

@inproceedings{owoputi2013improved,
  title={Improved part-of-speech tagging for online conversational text with word clusters},
  author={Owoputi, Olutobi and O'Connor, Brendan and Dyer, Chris and Gimpel, Kevin and Schneider, Nathan and Smith, Noah A},
  year={2013},
  organization={Association for Computational Linguistics}
}

@inproceedings{eisenstein2013phonological,
  title={Phonological factors in social media writing},
  author={Eisenstein, Jacob},
  booktitle={Proceedings of the Workshop on Language Analysis in Social Media},
  pages={11--19},
  year={2013}
}

@inproceedings{schulz2013multi,
  title={A Multi-Indicator Approach for Geolocalization of Tweets.},
  author={Schulz, Axel and Hadjakos, Aristotelis and Paulheim, Heiko and Nachtwey, Johannes},
  year={2013}
}

@inproceedings{dredze2013carmen,
  title={Carmen: A twitter geolocation system with applications to public health},
  author={Dredze, Mark and Paul, Michael J and Bergsma, Shane and Tran, Hieu},
  year={2013}
}

@inproceedings{han2013stacking,
  title={A Stacking-based Approach to Twitter User Geolocation Prediction.},
  author={Han, Bo and Cook, Paul and Baldwin, Timothy},
  year={2013}
}

@inproceedings{tufekci2014big,
  title={Big Questions for Social Media Big Data: Representativeness, Validity and Other Methodological Pitfalls.},
  author={Tufekci, Zeynep},
  booktitle={ICWSM},
  year={2014}
}

@inproceedings{hale2014global,
  title={Global connectivity and multilinguals in the Twitter network},
  author={Hale, Scott A},
  booktitle={SIGCHI},
  year={2014},
}

@inproceedings{gopal2014mises,
  title={Von mises-fisher clustering models},
  author={Gopal, Siddharth and Yang, Yiming},
  booktitle={ICML},
  pages={154--162},
  year={2014}
}

@inproceedings{maier2014language,
  title={Language variety identification in Spanish tweets},
  author={Maier, Wolfgang and G{\'o}mez-Rodr{\'\i}guez, Carlos},
  booktitle={EMNLP},
  year={2014}
}

@inproceedings{bies2014transliteration,
  title={Transliteration of arabizi into arabic orthography: Developing a parallel annotated arabizi-arabic script sms/chat corpus},
  author={Bies, Ann and Song, Zhiyi and Maamouri, Mohamed and Grimes, Stephen and Lee, Haejoong and Wright, Jonathan and Strassel, Stephanie and Habash, Nizar and Eskander, Ramy and Rambow, Owen},
  booktitle={Proceedings of the EMNLP 2014 Workshop on Arabic Natural Language Processing (ANLP)},
  pages={93--103},
  year={2014}
}

@article{gonccalves2014crowdsourcing,
  title={Crowdsourcing dialect characterization through Twitter},
  author={Gon{\c{c}}alves, Bruno and S{\'a}nchez, David},
  journal={PloS one},
  volume={9},
  number={11},
  pages={e112074},
  year={2014},
  publisher={Public Library of Science}
}

@techreport{antenucci2014using,
  title={Using social media to measure labor market flows},
  author={Antenucci, Dolan and Cafarella, Michael and Levenstein, Margaret and R{\'e}, Christopher and Shapiro, Matthew D},
  year={2014},
}

@article{widener2014using,
  title={Using geolocated Twitter data to monitor the prevalence of healthy and unhealthy food references across the US},
  author={Widener, Michael J and Li, Wenwen},
  journal={Applied Geography},
  year={2014},
}

@article{barbera2014birds,
  title={Birds of the same feather tweet together: Bayesian ideal point estimation using Twitter data},
  author={Barber{\'a}, Pablo},
  journal={Political Analysis},
  volume={23},
  number={1},
  pages={76--91},
  year={2014},
  publisher={Oxford University Press}
}

@article{paul2014twitter,
  title={Twitter improves influenza forecasting},
  author={Paul, Michael J and Dredze, Mark and Broniatowski, David},
  journal={PLoS Currents},
  year={2014}
}

@inproceedings{hollenstein2014compilation,
  title={Compilation of a Swiss German dialect corpus and its application to PoS tagging},
  author={Hollenstein, Nora and Aepli, No{\"e}mi},
  booktitle={Proceedings of the First Workshop on Applying NLP Tools to Similar Languages, Varieties and Dialects},
  pages={85--94},
  year={2014}
}

@inproceedings{refaee2014arabic,
  title={An Arabic Twitter Corpus for Subjectivity and Sentiment Analysis.},
  author={Refaee, Eshrag and Rieser, Verena},
  booktitle={LREC},
  pages={2268--2273},
  year={2014}
}

@article{zaidan2014arabic,
  title={Arabic dialect identification},
  author={Zaidan, Omar F and Callison-Burch, Chris},
  journal={Computational Linguistics},
  volume={40},
  number={1},
  pages={171--202},
  year={2014},
  publisher={MIT Press}
}

@inproceedings{compton2014geotagging,
  title={Geotagging one hundred million twitter accounts with total variation minimization},
  author={Compton, Ryan and Jurgens, David and Allen, David},
  booktitle={Big Data},
  year={2014},
}

@article{graham2014world,
  title={Where in the world are you? Geolocation and language identification in Twitter},
  author={Graham, Mark and Hale, Scott A and Gaffney, Devin},
  journal={The Professional Geographer},
  year={2014},
}

@article{mahmud2014home,
  title={Home location identification of twitter users},
  author={Mahmud, Jalal and Nichols, Jeffrey and Drews, Clemens},
  journal={TIST},
  year={2014},
}

@article{han2014text,
  title={Text-based twitter user geolocation prediction},
  author={Han, Bo and Cook, Paul and Baldwin, Timothy},
  journal={JAIR},
  year={2014}
}

@article{wiley2014pharmaceutical,
  title={Pharmaceutical drugs chatter on online social networks},
  author={Wiley, Matthew T and Jin, Canghong and Hristidis, Vagelis and Esterling, Kevin M},
  journal={Journal of biomedical informatics},
  volume={49},
  pages={245--254},
  year={2014},
  publisher={Elsevier}
}

@article{kingma2014adam,
  title={Adam: A method for stochastic optimization},
  author={Kingma, Diederik P and Ba, Jimmy},
  journal={ICLR},
  year={2014}
}

@article{zhang2014geocoding,
  title={Geocoding location expressions in Twitter messages: A preference learning method},
  author={Zhang, Wei and Gelernter, Judith},
  journal={Journal of Spatial Information Science},
  year={2014}
}

@article{crawford2015limits,
  title={The limits of crisis data: analytical and ethical challenges of using social and mobile data to understand disasters},
  author={Crawford, Kate and Finn, Megan},
  journal={GeoJournal},
  year={2015},
}

@inproceedings{paraskevopoulos2015fine,
  title={Fine-grained geolocalisation of non-geotagged tweets},
  author={Paraskevopoulos, Pavlos and Palpanas, Themis},
  booktitle={ASONAM},
  year={2015},
}

@article{gonccalves2015learning,
  title={Learning about Spanish dialects through Twitter},
  author={Gon{\c{c}}alves, Bruno and S{\'a}nchez, David},
  journal={arXiv preprint arXiv:1511.04970},
  year={2015}
}

@inproceedings{variani2015gaussian,
  title={A Gaussian mixture model layer jointly optimized with discriminative features within a deep neural network architecture},
  author={Variani, Ehsan and McDermott, Erik and Heigold, Georg},
  booktitle={ICASSP},
  year={2015},
}

@article{wang2015transfer,
  title={Transfer learning for speech and language processing},
  author={Wang, Dong and Zheng, Thomas Fang},
  journal={arXiv preprint arXiv:1511.06066},
  year={2015}
}

@article{llorente2015social,
  title={Social media fingerprints of unemployment},
  author={Llorente, Alejandro and Garcia-Herranz, Manuel and Cebrian, Manuel and Moro, Esteban},
  journal={PloS one},
  volume={10},
  number={5},
  pages={e0128692},
  year={2015},
  publisher={Public Library of Science}
}

@article{santillana2015combining,
  title={Combining search, social media, and traditional data sources to improve influenza surveillance},
  author={Santillana, Mauricio and Nguyen, Andr{\'e} T and Dredze, Mark and Paul, Michael J and Nsoesie, Elaine O and Brownstein, John S},
  journal={PLoS Computational Biology},
  year={2015},
}

@inproceedings{ahmed2015lexical,
  title={Lexical normalisation of twitter data},
  author={Ahmed, Bilal},
  booktitle={Science and Information Conference (SAI), 2015},
  pages={326--328},
  year={2015},
  organization={IEEE}
}

@inproceedings{he2015hawkestopic,
  title={Hawkestopic: A joint model for network inference and topic modeling from text-based cascades},
  author={He, Xinran and Rekatsinas, Theodoros and Foulds, James and Getoor, Lise and Liu, Yan},
  booktitle={ICML},
  year={2015}
}

@article{rahimi2015twitter,
  title={Twitter user geolocation using a unified text and network prediction model},
  author={Rahimi, Afshin and Cohn, Trevor and Baldwin, Timothy},
  journal={arXiv preprint arXiv:1506.08259},
  year={2015}
}

@article{jurgens2015geolocation,
  title={Geolocation Prediction in Twitter Using Social Networks: A Critical Analysis and Review of Current Practice.},
  author={Jurgens, David and Finethy, Tyler and McCorriston, James and Xu, Yi Tian and Ruths, Derek},
  year={2015}
}

@article{gillick2015multilingual,
  title={Multilingual language processing from bytes},
  author={Gillick, Dan and Brunk, Cliff and Vinyals, Oriol and Subramanya, Amarnag},
  journal={arXiv preprint arXiv:1512.00103},
  year={2015}
}

@article{plank2016multilingual,
  title={Multilingual part-of-speech tagging with bidirectional long short-term memory models and auxiliary loss},
  author={Plank, Barbara and S{\o}gaard, Anders and Goldberg, Yoav},
  journal={arXiv preprint arXiv:1604.05529},
  year={2016}
}

@article{lee2016fully,
  title={Fully character-level neural machine translation without explicit segmentation},
  author={Lee, Jason and Cho, Kyunghyun and Hofmann, Thomas},
  journal={arXiv preprint arXiv:1610.03017},
  year={2016}
}

@book{Goodfellow-et-al-2016,
    title={Deep Learning},
    author={Ian Goodfellow and Yoshua Bengio and Aaron Courville},
    publisher={MIT Press},
    year={2016}
}

@book{understandingml,
    title={Understanding Machine Learning},
    author={Shai Shalev-Shwartz and Shai Ben-David},
    publisher={Cambridge University Press},
    year={2014}
}

@inproceedings{han2016twitter,
  title={Twitter geolocation prediction shared task of the 2016 workshop on noisy user-generated text},
  author={Han, Bo and Rahimi, Afshin and Derczynski, Leon and Baldwin, Timothy},
  booktitle={WNUT},
  year={2016}
}

@inproceedings{van2016simple,
  title={A simple but effective approach to improve arabizi-to-english statistical machine translation},
  author={van der Wees, Marlies and Bisazza, Arianna and Monz, Christof},
  booktitle={WNUT},
  year={2016}
}

@inproceedings{tobaili2016arabizi,
  title={Arabizi Identification in Twitter Data},
  author={Tobaili, Taha},
  booktitle={Proceedings of the ACL 2016 Student Research Workshop},
  pages={51--57},
  year={2016}
}

@article{huang2016understanding,
  title={Understanding US regional linguistic variation with Twitter data analysis},
  author={Huang, Yuan and Guo, Diansheng and Kasakoff, Alice and Grieve, Jack},
  journal={Computers, Environment and Urban Systems},
  volume={59},
  pages={244--255},
  year={2016},
  publisher={Elsevier}
}

@article{nguyen2016leveraging,
  title={Leveraging geotagged Twitter data to examine neighborhood happiness, diet, and physical activity},
  author={Nguyen, Quynh C and Kath, Suraj and Meng, Hsien-Wen and Li, Dapeng and Smith, Ken R and VanDerslice, James A and Wen, Ming and Li, Feifei},
  journal={Applied Geography},
  year={2016},
}

@inproceedings{weyand2016planet,
  title={Planet-photo geolocation with convolutional neural networks},
  author={Weyand, Tobias and Kostrikov, Ilya and Philbin, James},
  booktitle={European Conference on Computer Vision},
  pages={37--55},
  year={2016},
  organization={Springer}
}

@article{pohl2016online,
  title={Online indexing and clustering of social media data for emergency management},
  author={Pohl, Daniela and Bouchachia, Abdelhamid and Hellwagner, Hermann},
  journal={Neurocomputing},
  volume={172},
  pages={168--179},
  year={2016},
  publisher={Elsevier}
}

@inproceedings{rudra2016summarizing,
  title={Summarizing situational tweets in crisis scenario},
  author={Rudra, Koustav and Banerjee, Siddhartha and Ganguly, Niloy and Goyal, Pawan and Imran, Muhammad and Mitra, Prasenjit},
  booktitle={HT},
  year={2016},
}

@article{imran2016twitter,
  title={Twitter as a lifeline: Human-annotated twitter corpora for NLP of crisis-related messages},
  author={Imran, Muhammad and Mitra, Prasenjit and Castillo, Carlos},
  journal={arXiv preprint arXiv:1605.05894},
  year={2016}
}

@article{blodgett2016demographic,
  title={Demographic dialectal variation in social media: A case study of African-American English},
  author={Blodgett, Su Lin and Green, Lisa and O'Connor, Brendan},
  journal={arXiv preprint arXiv:1608.08868},
  year={2016}
}

@article{mohammad2016translation,
  title={How translation alters sentiment},
  author={Mohammad, Saif M and Salameh, Mohammad and Kiritchenko, Svetlana},
  journal={JAIR},
  year={2016}
}

@inproceedings{duong2016near,
  title={Near real-time geolocation prediction in twitter streams via matrix factorization based regression},
  author={Duong-Trung, Nghia and Schilling, Nicolas and Schmidt-Thieme, Lars},
  booktitle={CIKM},
  year={2016},
}

@inproceedings{lu2016learning,
  title={Learning from the ubiquitous language: an empirical analysis of emoji usage of smartphone users},
  author={Lu, Xuan and Ai, Wei and Liu, Xuanzhe and Li, Qian and Wang, Ning and Huang, Gang and Mei, Qiaozhu},
  booktitle={Proceedings of the 2016 ACM International Joint Conference on Pervasive and Ubiquitous Computing},
  pages={770--780},
  year={2016},
  organization={ACM}
}

@article{arenas2017forensic,
  title={Forensic genetics and genomics: Much more than just a human affair},
  author={Arenas, Miguel and Pereira, Filipe and Oliveira, Manuela and Pinto, Nadia and Lopes, Alexandra M and Gomes, Veronica and Carracedo, Angel and Amorim, Antonio},
  journal={PLoS genetics},
  year={2017},
}

@article{clarke2017integrating,
  title={Integrating the microbiome as a resource in the forensics toolkit},
  author={Clarke, Thomas H and Gomez, Andres and Singh, Harinder and Nelson, Karen E and Brinkac, Lauren M},
  journal={Forensic Science International: Genetics},
  year={2017},
}

@article{zhang2017survey,
  title={A survey on multi-task learning},
  author={Zhang, Yu and Yang, Qiang},
  journal={arXiv preprint arXiv:1707.08114},
  year={2017}
}

@article{blodgett2017racial,
  title={Racial Disparity in Natural Language Processing: A Case Study of Social Media African-American English},
  author={Blodgett, Su Lin and O'Connor, Brendan},
  journal={arXiv preprint arXiv:1707.00061},
  year={2017}
}

@inproceedings{wehrmann2017character,
  title={A character-based convolutional neural network for language-agnostic Twitter sentiment analysis},
  author={Wehrmann, Joonatas and Becker, Willian and Cagnini, Henry EL and Barros, Rodrigo C},
  booktitle={IJCNN},
  year={2017},
}

@inproceedings{thomas2017twitter,
  title={Twitter geolocation prediction using neural networks},
  author={Thomas, Philippe and Hennig, Leonhard},
  booktitle={International Conference of the German Society for Computational Linguistics and Language Technology},
  pages={248--255},
  year={2017},
  organization={Springer}
}

@article{rahimi2017neural,
  title={A neural model for user geolocation and lexical dialectology},
  author={Rahimi, Afshin and Cohn, Trevor and Baldwin, Timothy},
  journal={arXiv preprint arXiv:1704.04008},
  year={2017}
}

@article{hasnat2017mises,
  title={von Mises-Fisher Mixture Model-based Deep learning: Application to Face Verification},
  author={Hasnat, Md and Bohn{\'e}, Julien and Milgram, Jonathan and Gentric, St{\'e}phane and Chen, Liming and others},
  journal={arXiv preprint arXiv:1706.04264},
  year={2017}
}

@article{gonccalves2017fall,
  title={The fall of the empire: The americanization of English},
  author={Gon{\c{c}}alves, Bruno and Loureiro-Porto, Luc{\'\i}a and Ramasco, Jos{\'e} J and S{\'a}nchez, David},
  journal={arXiv preprint arXiv:1707.00781},
  year={2017}
}

@article{nguyen2017kernel,
  title={A kernel independence test for geographical language variation},
  author={Nguyen, Dong and Eisenstein, Jacob},
  journal={Computational Linguistics},
  volume={43},
  number={3},
  pages={567--592},
  year={2017},
  publisher={MIT Press}
}

@article{tinoco2017variation,
  title={Variation of the second person singular of the simple past tense in twitter: hiciste vs. hicistes" you did"},
  author={Tinoco, Antonio Ruiz},
  journal={Dialectologia: Revista Electr{\`o}nica},
  year={2017}
}

@article{wu2017link,
    author={Yu, Wenchao and ... },
    title={Link Prediction with Spatial and Temporal Consistency in Dynamic Networks},
    journal={IJCAI},
    year={2017}
}

@inproceedings{yu2017temporally,
  title={Temporally Factorized Network Modeling for Evolutionary Network Analysis},
  author={Yu, Wenchao and Aggarwal, Charu C and Wang, Wei},
  booktitle={WSDM},
  year={2017},
}

@article{ruder2017survey,
  title={A survey of cross-lingual word embedding models},
  author={Ruder, Sebastian and Vuli{\'c}, Ivan and S{\o}gaard, Anders},
  journal={arXiv preprint arXiv:1706.04902},
  year={2017}
}

@article{zheng2018survey,
  title={A survey of location prediction on Twitter},
  author={Zheng, Xin and Han, Jialong and Sun, Aixin},
  journal={IEEE Transactions on Knowledge and Data Engineering},
  year={2018},
  publisher={IEEE}
}

@article{hargittai2018potential,
  title={Potential Biases in Big Data: Omitted Voices on Social Media},
  author={Hargittai, Eszter},
  journal={Social Science Computer Review},
  pages={0894439318788322},
  year={2018},
  publisher={SAGE Publications Sage CA: Los Angeles, CA}
}

@article{mahajan2018exploring,
  title={Exploring the Limits of Weakly Supervised Pretraining},
  author={Mahajan, Dhruv and Girshick, Ross and Ramanathan, Vignesh and He, Kaiming and Paluri, Manohar and Li, Yixuan and Bharambe, Ashwin and van der Maaten, Laurens},
  journal={arXiv preprint arXiv:1805.00932},
  year={2018}
}

@article{howard2018fine,
  title={Fine-tuned Language Models for Text Classification},
  author={Howard, Jeremy and Ruder, Sebastian},
  journal={arXiv preprint arXiv:1801.06146},
  year={2018}
}

%%%%%%%%%%%%%%%%%%%%%%%%%%%%%%%%%%%%%%%%

@inproceedings{park2013emoticon,
  title={Emoticon Style: Interpreting Differences in Emoticons Across Cultures.},
  author={Park, Jaram and Barash, Vladimir and Fink, Clay and Cha, Meeyoung},
  year={2013}
}

@inproceedings{dredze2016geolocation,
  title={Geolocation for Twitter: Timing Matters.},
  author={Dredze, Mark and Osborne, Miles and Kambadur, Prabhanjan},
  year={2016}
}

@inproceedings{ljubevsic2016global,
  title={A global analysis of emoji usage},
  author={Ljube{\v{s}}i{\'c}, Nikola and Fi{\v{s}}er, Darja},
  booktitle={Proceedings of the 10th Web as Corpus Workshop},
  pages={82--89},
  year={2016}
}

%%%%%%%%%%%%%%%%%%%%%%%%%%%%%%%%%%%%%%%%

@article{vincenty1975direct,
  title={Direct and inverse solutions of geodesics on the ellipsoid with application of nested equations},
  author={Vincenty, Thaddeus},
  journal={Survey Review},
  year={1975},
}

@article{fisher1992regression,
  title={Regression models for an angular response},
  author={Fisher, Nicholas I and Lee, Alan J},
  journal={Biometrics},
  pages={665--677},
  year={1992},
  publisher={JSTOR}
}

@inproceedings{severyn2015unitn,
  title={Unitn: Training deep convolutional neural network for twitter sentiment classification},
  author={Severyn, Aliaksei and Moschitti, Alessandro},
  booktitle={Proceedings of the 9th international workshop on semantic evaluation (SemEval 2015)},
  pages={464--469},
  year={2015}
}

@inproceedings{zhang2015character,
  title={Character-level convolutional networks for text classification},
  author={Zhang, Xiang and Zhao, Junbo and LeCun, Yann},
  booktitle={NIPS},
  year={2015}
}

@article{jozefowicz2016exploring,
  title={Exploring the limits of language modeling},
  author={Jozefowicz, Rafal and Vinyals, Oriol and Schuster, Mike and Shazeer, Noam and Wu, Yonghui},
  journal={arXiv preprint arXiv:1602.02410},
  year={2016}
}

@article{dhingra2016tweet2vec,
  title={Tweet2vec: Character-based distributed representations for social media},
  author={Dhingra, Bhuwan and Zhou, Zhong and Fitzpatrick, Dylan and Muehl, Michael and Cohen, William W},
  journal={arXiv preprint arXiv:1605.03481},
  year={2016}
}

@inproceedings{kim2016character,
  title={Character-Aware Neural Language Models.},
  author={Kim, Yoon and Jernite, Yacine and Sontag, David and Rush, Alexander M},
  year={2016}
}

@article{chung2016character,
  title={A character-level decoder without explicit segmentation for neural machine translation},
  author={Chung, Junyoung and Cho, Kyunghyun and Bengio, Yoshua},
  journal={arXiv preprint arXiv:1603.06147},
  year={2016}
}

@inproceedings{conneau2017very,
  title={Very deep convolutional networks for text classification},
  author={Conneau, Alexis and Schwenk, Holger and Barrault, Lo{\"\i}c and Lecun, Yann},
  booktitle={EACL},
  year={2017}
}

%%%%%%%%%%%%%%%%%%%%%%%%%%%%%%%%%%%%%%%%

@inproceedings{zeiler2014visualizing,
  title={Visualizing and understanding convolutional networks},
  author={Zeiler, Matthew D and Fergus, Rob},
  booktitle={European conference on computer vision},
  pages={818--833},
  year={2014},
  organization={Springer}
}

@incollection{seifert2017visualizations,
  title={Visualizations of deep neural networks in computer vision: A survey},
  author={Seifert, Christin and Aamir, Aisha and Balagopalan, Aparna and Jain, Dhruv and Sharma, Abhinav and Grottel, Sebastian and Gumhold, Stefan},
  booktitle={Transparent Data Mining for Big and Small Data},
  pages={123--144},
  year={2017},
  publisher={Springer}
}

%%%%%%%%%%%%%%%%%%%%%%%%%%%%%%%%%%%%%%%%%%%%%%%%%%%%%%%%%%%%%%%%%%%%%%%%%%%%%%%%

@article{zhang2018fast,
  title={A Fast, Compact, Accurate Model for Language Identification of Codemixed Text},
  author={Zhang, Yuan and Riesa, Jason and Gillick, Daniel and Bakalov, Anton and Baldridge, Jason and Weiss, David},
  journal={EMNLP},
  year={2018}
}

@inproceedings{jurgens2017incorporating,
  title={Incorporating dialectal variability for socially equitable language identification},
  author={Jurgens, David and Tsvetkov, Yulia and Jurafsky, Dan},
  booktitle={ACL},
  year={2017}
}

@article{kocmi2017lanidenn,
  title={Lanidenn: Multilingual language identification on character window},
  author={Kocmi, Tom and Bojar, Ond{\v{r}}ej},
  journal={ECACL},
  year={2017}
}

@article{duchi2011adaptive,
  title={Adaptive subgradient methods for online learning and stochastic optimization},
  author={Duchi, John and Hazan, Elad and Singer, Yoram},
  journal={JMLR},
  year={2011}
}

@article{chechik2010large,
  title={Large scale online learning of image similarity through ranking},
  author={Chechik, Gal and Sharma, Varun and Shalit, Uri and Bengio, Samy},
  journal={ICML},
  year={2010}
}

@inproceedings{garber2015online,
  title={Online Learning of Eigenvectors.},
  author={Garber, Dan and Hazan, Elad and Ma, Tengyu},
  journal={ICML},
  year={2015}
}

@inproceedings{joulani2013online,
  title={Online learning under delayed feedback},
  author={Joulani, Pooria and Gyorgy, Andras and Szepesv{\'a}ri, Csaba},
  booktitle={ICML},
  year={2013}
}

@inproceedings{zolghadr2013online,
  title={Online Learning with Costly Features and Labels.},
  author={Zolghadr, Navid and Bart{\'o}k, G{\'a}bor and Greiner, Russell and Gy{\"o}rgy, Andr{\'a}s and Szepesv{\'a}ri, Csaba},
  booktitle={NIPS},
  year={2013}
}

@article{erhan2010does,
  title={Why does unsupervised pre-training help deep learning?},
  author={Erhan, Dumitru and Bengio, Yoshua and Courville, Aaron and Manzagol, Pierre-Antoine and Vincent, Pascal and Bengio, Samy},
  journal={JMLR},
  year={2010}
}


@article{maurer2016benefit,
  title={The benefit of multitask representation learning},
  author={Maurer, Andreas and Pontil, Massimiliano and Romera-Paredes, Bernardino},
  journal={JMLR},
  year={2016}
}

@article{kumar2012learning,
  title={Learning task grouping and overlap in multi-task learning},
  author={Kumar, Abhishek and Daume III, Hal},
  journal={ICML},
  year={2012}
}

@inproceedings{romera2012exploiting,
  title={Exploiting unrelated tasks in multi-task learning},
  author={Romera-Paredes, Bernardino and Argyriou, Andreas and Berthouze, Nadia and Pontil, Massimiliano},
  booktitle={AISTATS},
  year={2012}
}

@inproceedings{dong2015multi,
  title={Multi-task learning for multiple language translation},
  author={Dong, Daxiang and Wu, Hua and He, Wei and Yu, Dianhai and Wang, Haifeng},
  booktitle={ACL},
  year={2015}
}

@article{caruana1997multitask,
  title={Multitask learning},
  author={Caruana, Rich},
  journal={Machine learning},
  year={1997}
}

@article{bingel2017identifying,
  title={Identifying beneficial task relations for multi-task learning in deep neural networks},
  author={Bingel, Joachim and S{\o}gaard, Anders},
  journal={EACL},
  year={2017}
}

